% Exemplos de referências podem ser encontrados em: https://verbosus.com/bibtex-style-examples.html
@article{incubadoraartigo,
  title={CONTROLE PI MULTIVARIAVEL DE TEMPERATURA E UMIDADE APLICADO EM INCUBADORAS NEONATAIS},
  author={Brito Neto, J.; Barcante, G. M.; Braga, A. P. S. and Almeida, O. M.},
  journal={Anais do 9th IEEE/IAS International Conference on Industry Applications},
  year={2010},
  address={São Paulo}
}

@article{incubadoraartigo2,
  title={Assessment and Certification of Neonatal Incubator Sensors through an Inferential Neural Network},
  author={Araujo, Jose; Menezes, Jose; Albuquerque, A. M.; Almeida, O. M. and Araujo, F. U.},
  journal={Sensors (Basel)},
  year={2013},
  volume = 3,
  pages = {15613-15632},
}

@article{santos2016internet,
  title={Internet das coisas: da teoria {\`a} pr{\'a}tica},
  author={Santos, Bruno P and Silva, LA and Celes, CS and Borges, Jo{\~a}o B and Neto, Bruna S Peres and Vieira, Marcos Augusto M and Vieira, Luiz Filipe M and Goussevskaia, Olga N and Loureiro, AA},
  journal={Minicursos SBRC-Simp{\'o}sio Brasileiro de Redes de Computadores e Sistemas Distribu{\i}dos},
  year={2016}
}

@article{marcorin2003analise,
  title={An{\'a}lise dos Custos de Manuten{\c{c}}{\~a}o e de N{\~a}o-manuten{\c{c}}{\~a}o de Equipamentos Produtivos},
  author={Marcorin, Wilson Roberto and Lima, Carlos Roberto Camello},
  journal={Revista de ci{\^e}ncia \& tecnologia},
  volume={11},
  number={22},
  pages={35--42},
  year={2003}
}

@monography{Stenio,
	title={ACIONAMENTO DE PROCESSOS INDUSTRIAIS UTILIZANDO CLP E INVERSOR DE FREQUÊNCIA},
	subtitle={},
	author={Coelho, S. S.},
	school={Universidade Federal do Piauí},
	year={2015},
	address={Teresina}
}

@article{cattell2011scalable,
  title={Scalable SQL and NoSQL data stores},
  author={Cattell, Rick},
  journal={Acm Sigmod Record},
  volume={39},
  number={4},
  pages={12--27},
  year={2011},
  publisher={ACM}
}

@book{mamede-instalacoes,
  title={Instalações Elétricas Industriais},
  author={João Mamede Filho},
  year={2017},
  series={9},
  publisher={Addison-Wesley Reading, Massachusetts}
}

@misc{CLPManual,
author = {WEG},
title = {Série TPW-04 - Manual do Usuário},
year = {2019},
url = {https://www.weg.net/catalog/},
date = {2019},
OPTsubtitle = {teste},
OPTtitleaddon = {•},
OPTlanguage = {•},
OPTversion = {•},
OPTorganization = {•},
OPTmonth = {•},
OPTaddendum = {•},
urlaccessdate = {25 fev. 2019}
}

@misc{Concept,
author = {Colorlib},
title = {Concept - Bootstrap 4 Admin Dashboard Template},
year = {2019},
url = {https://colorlib.com/polygon/concept/},
date = {2019},
OPTsubtitle = {teste},
OPTtitleaddon = {•},
OPTlanguage = {•},
OPTversion = {•},
OPTorganization = {•},
OPTmonth = {•},
OPTaddendum = {•},
urlaccessdate = {25 fev. 2019}
}

@misc{MariaDB,
author = {MariaDB},
title = {About MariaDB},
year = {2019},
url = {https://mariadb.org/about/},
date = {2019},
OPTsubtitle = {teste},
OPTtitleaddon = {•},
OPTlanguage = {•},
OPTversion = {•},
OPTorganization = {•},
OPTmonth = {•},
OPTaddendum = {•},
urlaccessdate = {25 fev. 2019}
}

@misc{VerneMQ,
author = {VerneMQ},
title = {vernemq: A distributed MQTT message broker based on Erlang/OTP},
year = {2019},
url = {https://github.com/vernemq/vernemq},
date = {2019},
OPTsubtitle = {teste},
OPTtitleaddon = {•},
OPTlanguage = {•},
OPTversion = {•},
OPTorganization = {•},
OPTmonth = {•},
OPTaddendum = {•},
urlaccessdate = {25 fev. 2019}
}

@misc{WAGO,
author = {WAGO},
title = {Um plugin torna os controladores WAGO prontos para IoT},
year = {2019},
url = {https://www.wago.com/br/controlador-clp-iot-com-mqtt},
date = {2019},
OPTsubtitle = {teste},
OPTtitleaddon = {•},
OPTlanguage = {•},
OPTversion = {•},
OPTorganization = {•},
OPTmonth = {•},
OPTaddendum = {•},
urlaccessdate = {25 fev. 2019}
}

@misc{Branqs,
author = {Branqs},
title = {ihm touch screen},
year = {2019},
url = {https://www.branqs.com.br/ihm-touch-screen},
date = {2019},
OPTsubtitle = {teste},
OPTtitleaddon = {•},
OPTlanguage = {•},
OPTversion = {•},
OPTorganization = {•},
OPTmonth = {•},
OPTaddendum = {•},
urlaccessdate = {25 fev. 2019}
}

@misc{MQTT,
author = {},
title = {MQTT},
year = {2019},
url = {http://www.mqtt.org},
date = {2019},
OPTsubtitle = {teste},
OPTtitleaddon = {•},
OPTlanguage = {•},
OPTversion = {•},
OPTorganization = {•},
OPTmonth = {•},
OPTaddendum = {•},
urlaccessdate = {25 fev. 2019}
}

@misc{OPC,
author = {OPC Foundation},
title = {What is OPC?},
year = {2019},
url = {https://opcfoundation.org/about/what-is-opc/},
date = {2019},
OPTsubtitle = {teste},
OPTtitleaddon = {•},
OPTlanguage = {•},
OPTversion = {•},
OPTorganization = {•},
OPTmonth = {•},
OPTaddendum = {•},
urlaccessdate = {28 mar. 2019}
}

@misc{HTTP,
author = {The Internet Society},
title = {Hypertext Transfer Protocol -- HTTP/1.1},
year = {1999},
url = {https://tools.ietf.org/html/rfc2616},
date = {1999},
OPTsubtitle = {teste},
OPTtitleaddon = {•},
OPTlanguage = {•},
OPTversion = {•},
OPTorganization = {•},
OPTmonth = {•},
OPTaddendum = {•},
urlaccessdate = {28 mar. 2019}
}

@misc{HTTPS,
author = {The Internet Society},
title = {The Secure HyperText Transfer Protocol},
year = {1999},
url = {https://tools.ietf.org/html/rfc2660},
date = {1999},
OPTsubtitle = {teste},
OPTtitleaddon = {•},
OPTlanguage = {•},
OPTversion = {•},
OPTorganization = {•},
OPTmonth = {•},
OPTaddendum = {•},
urlaccessdate = {28 mar. 2019}
}

@misc{XML,
author = {The Internet Society},
title = {XML Media Types},
year = {2001},
url = {https://tools.ietf.org/html/rfc3023#section-3.2},
date = {2001},
OPTsubtitle = {teste},
OPTtitleaddon = {•},
OPTlanguage = {•},
OPTversion = {•},
OPTorganization = {•},
OPTmonth = {•},
OPTaddendum = {•},
urlaccessdate = {28 mar. 2019}
}

@misc{JSON,
author = {JSON},
title = {Introdução ao JSON},
year = {2019},
url = {http://json.org/json-pt.html},
date = {2019},
OPTsubtitle = {teste},
OPTtitleaddon = {•},
OPTlanguage = {•},
OPTversion = {•},
OPTorganization = {•},
OPTmonth = {•},
OPTaddendum = {•},
urlaccessdate = {28 mar. 2019}
}

@misc{usoHTTPS,
author = {Scott Helme},
title = {Alexa Top 1 Million Analysis - February 2019},
year = {2019},
url = {https://scotthelme.co.uk/alexa-top-1-million-analysis-february-2019/},
date = {2019},
OPTsubtitle = {teste},
OPTtitleaddon = {•},
OPTlanguage = {•},
OPTversion = {•},
OPTorganization = {•},
OPTmonth = {•},
OPTaddendum = {•},
urlaccessdate = {28 mar. 2019}
}

@misc{OPCClassic,
author = {OPC Foundation},
title = {What is OPC Classic?},
year = {2019},
url = {https://opcfoundation.org/faq/what-is-opc-classic/},
date = {2019},
OPTsubtitle = {teste},
OPTtitleaddon = {•},
OPTlanguage = {•},
OPTversion = {•},
OPTorganization = {•},
OPTmonth = {•},
OPTaddendum = {•},
urlaccessdate = {28 mar. 2019}
}

@misc{OPCUA,
author = {OPC Foundation},
title = {Unified Architecture},
year = {2019},
url = {https://opcfoundation.org/about/opc-technologies/opc-ua/},
date = {2019},
OPTsubtitle = {teste},
OPTtitleaddon = {•},
OPTlanguage = {•},
OPTversion = {•},
OPTorganization = {•},
OPTmonth = {•},
OPTaddendum = {•},
urlaccessdate = {28 mar. 2019}
}

@misc{Modbus,
author = {Modbus Organization},
title = {Modbus FAQ},
year = {2019},
url = {http://www.modbus.org/faq.php},
date = {2019},
OPTsubtitle = {teste},
OPTtitleaddon = {•},
OPTlanguage = {•},
OPTversion = {•},
OPTorganization = {•},
OPTmonth = {•},
OPTaddendum = {•},
urlaccessdate = {28 mar. 2019}
}

@misc{RapidSCADA,
author = {Rapid Software},
title = {Rapid SCADA},
year = {2019},
url = {https://rapidscada.org/},
date = {2019},
OPTsubtitle = {teste},
OPTtitleaddon = {•},
OPTlanguage = {•},
OPTversion = {•},
OPTorganization = {•},
OPTmonth = {•},
OPTaddendum = {•},
urlaccessdate = {28 mar. 2019}
}

@misc{RUW03,
author = {WEG},
title = {CANopen - RUW03},
year = {2019},
url = {https://static.weg.net/medias/downloadcenter/ha2/hb7/WEG-ruw03-manual-da-unidade-remota-canopen-10003264976-manual-portugues-br.pdf},
date = {2019},
OPTsubtitle = {teste},
OPTtitleaddon = {•},
OPTlanguage = {•},
OPTversion = {•},
OPTorganization = {•},
OPTmonth = {•},
OPTaddendum = {•},
urlaccessdate = {28 mar. 2019}
}

@misc{PLC300,
author = {WEG},
title = {Controlador Lógico Programável PLC300},
year = {2019},
url = {https://www.weg.net/catalog/weg/BR/pt/Automa%C3%A7%C3%A3o-e-Controle-Industrial/Controle-de-Processos/Controladores-L%C3%B3gicos-Program%C3%A1veis/Controlador-L%C3%B3gico-Program%C3%A1vel-PLC300/Controlador-L%C3%B3gico-Program%C3%A1vel-PLC300/p/MKT_WDC_BRAZIL_PROGRAMMABLE_LOGIC_CONTROLLER_PLC_PLC300},
date = {2019},
OPTsubtitle = {teste},
OPTtitleaddon = {•},
OPTlanguage = {•},
OPTversion = {•},
OPTorganization = {•},
OPTmonth = {•},
OPTaddendum = {•},
urlaccessdate = {28 mar. 2019}
}

@misc{Tango,
author = {TANGO Controls},
title = {TANGO Controls},
year = {2019},
url = {https://www.tango-controls.org/},
date = {2019},
OPTsubtitle = {teste},
OPTtitleaddon = {•},
OPTlanguage = {•},
OPTversion = {•},
OPTorganization = {•},
OPTmonth = {•},
OPTaddendum = {•},
urlaccessdate = {28 mar. 2019}
}

@misc{ScadaBR,
author = {ScadaBR},
title = {ScadaBR},
year = {2019},
url = {http://www.scadabr.com.br/},
date = {2019},
OPTsubtitle = {teste},
OPTtitleaddon = {•},
OPTlanguage = {•},
OPTversion = {•},
OPTorganization = {•},
OPTmonth = {•},
OPTaddendum = {•},
urlaccessdate = {28 mar. 2019}
}

@misc{InduSoft,
author = {InduSoft},
title = {InduSoft Web Studio HMI SCADA Development Software},
year = {2019},
url = {http://www.indusoft.com/},
date = {2019},
OPTsubtitle = {teste},
OPTtitleaddon = {•},
OPTlanguage = {•},
OPTversion = {•},
OPTorganization = {•},
OPTmonth = {•},
OPTaddendum = {•},
urlaccessdate = {28 mar. 2019}
}

@misc{Elipse,
author = {Elipse},
title = {Elipse E3: uma visão geral},
year = {2019},
url = {http://kb.elipse.com.br/pt-br/questions/40/Elipse+E3%3A+uma+vis%C3%A3o+geral.},
date = {2019},
OPTsubtitle = {teste},
OPTtitleaddon = {•},
OPTlanguage = {•},
OPTversion = {•},
OPTorganization = {•},
OPTmonth = {•},
OPTaddendum = {•},
urlaccessdate = {28 mar. 2019}
}

@misc{W3C,
author = {W3C},
title = {Web Services Architecture},
year = {2004},
url = {https://www.w3.org/TR/2004/NOTE-ws-arch-20040211/},
date = {2019},
OPTsubtitle = {teste},
OPTtitleaddon = {•},
OPTlanguage = {•},
OPTversion = {•},
OPTorganization = {•},
OPTmonth = {•},
OPTaddendum = {•},
urlaccessdate = {12 mar. 2019}
}

@article{WhatScada,
	title={WHAT IS SCADA?},
	subtitle={},
	author={Daneels, A. and Salter, W.},
	journal={International Conference on Accelerator and Large Experimental Physics Control Systems},
	year={1999},
	address={Trieste, Italy}
}

@article{IndustriaEficiencia,
	title={Automação como Ferramenta de Análise de Eficiência Energética},
	subtitle={},
	author={Cassandra, Amaral, N.; Fabiana, Varella K. O. M. and Danielle, Casillo S. S.},
	journal={Anais do XX Congresso Brasileiro de Automática},
	year={2014},
	pages={699-706},
	address={Belo Horizonte, MG}
}

@article{InterfaceTempoReal,
	title={A real-time equipment interface for controlling production equipment},
	subtitle={},
	author={Lee, Seung-Woo; Nam, So-Jeong; Lee, Jai-Kyung},
	journal={12th International Conference on Control, Automation and Systems},
	year={2012},
	pages={1173-1177},
	address={ICC, Jeju Island, Korea}
}

@article{ScadaWebInterOp,
	title={Interoperability of SCADA System Applications with Web
Services},
	subtitle={},
	author={Lipnickas, Arunas; Rutkauskas, Romas; Cerkauskas, Ramunas},
	journal={IEEE International Workshop on Intelligent Data Acquisition and Advanced Computing Systems: Technology and Applications},
	year={2009},
	pages={196-200},
	address={Rende (Cosenza), Italy}
}

@article{ScadaWebSimp,
	title={Design of a Simple Service Oriented Supervisory
Control and Data Acquisition System},
	subtitle={},
	author={Osmic, Nedim; Velagi, Jasmin},
	journal={59th International Symposium ELMAR},
	year={2017},
	pages={245-248},
	address={Zadar, Croatia}
}

@article{ScadaNextGer,
	title={Architecting the next generation of
service-based SCADA/DCS system of systems},
	subtitle={},
	author={Karnouskos, S. and Colombo, A. W.},
	journal={37th Annual Conference of the IEEE Industrial Electronics Society},
	year={2011},
	pages={359-364},
	address={Melbourne, VIC, Australia}
}


@misc{secretaria1999,
    author = {{S}{\~a}o{ }{P}aulo{ }{(Estado)}},
    address={\textit{In}:\underline{\hspace{0.45in}}},
    booktitle={Entendendo o meio ambiente},
    organization={SÃO PAULO {(Estado). Secretaria do Meio Ambiente}},
    title={{\normalfont Secretaria do Meio Ambiente.} Tratados e organizações ambientais em matéria de meio
    ambiente},
    url={http://www.bdt.org.br/sma/entendendo/atual.htm},
    urlaccessdate={8 mar. 1999},
    volume={1},
    year={1999}
}

@manual{NBR10520:1988,
    address={Rio de Janeiro},
    month={out.},
    organization={ASSOCIAÇÃO{ }BRASILEIRA{ }DE{ }NORMAS{ }TÉCNICAS},
    org-short={ABNT},
    pages={3},
    title={{NBR} 10520},
    subtitle={Apresentação de citações em documentos --- Procedimentos},
    year={1988}
}

@manual{manuais1989,
    author = {{S}{\~a}o{ }{P}aulo{ }{(Estado)}},
    address={São Paulo},
    organization={Secretaria do Meio Ambiente. Coordenadoria de Planejamento Ambiental},
    pages={48},
    title={{\normalfont Secretaria do Meio Ambiente. Coordenadoria de Planejamento Ambiental. } Estudo de impacto ambiental – EIA, Relatório de impacto ambiental – RIMA},
    subtitle={manual de orientação},
    series={Séries Manuais},
    year={1989}
}

@book{goossens1994latex,
  title={The LATEX companion},
  author={Goossens, Michel and Mittelbach, Frank and Samarin, Alexander and Souidi, El Mamoun},
  volume={2},
  year={1994},
  address = {[\textit{S. l.}]},
  publisher={Addison-Wesley Reading, Massachusetts}
}

@article{feitosa2016,
	title={Complexas mediações},
	subtitle={transdisciplinaridade e incertezas nas recepções informacionais},
	author={L Feitosa},
	journal={Informação em Pauta},
	volume={1},
	number={1},
	pages={98--117},
	year={2016},
	publisher={Informação em Pauta}
}
